<?xml version="1.0" encoding="UTF-8"?><record xmlns="http://www.loc.gov/MARC21/slim" xmlns:cinclude="http://apache.org/cocoon/include/1.0" xmlns:zs="http://www.loc.gov/zing/srw/">
  <leader>00360nz  a2200121n  4500</leader>
  <controlfield tag="001">n 2014074053</controlfield>
  <controlfield tag="003">DLC</controlfield>
  <controlfield tag="005">20141201095513.0</controlfield>
  <controlfield tag="008">141201n| azannaabn          |n aaa      </controlfield>
  <datafield tag="010" ind1=" " ind2=" ">
    <subfield code="a">n 2014074053</subfield>
  </datafield>
  <datafield tag="040" ind1=" " ind2=" ">
    <subfield code="a">DLC</subfield>
    <subfield code="b">eng</subfield>
    <subfield code="e">rda</subfield>
    <subfield code="c">DLC</subfield>
  </datafield>
  <datafield tag="100" ind1="1" ind2=" ">
    <subfield code="a">Rébois, André</subfield>
  </datafield>
  <datafield tag="670" ind1=" " ind2=" ">
    <subfield code="a">Les familles de Serémange et Suzange, Erzange de 1792 à 1936, 2012:</subfield>
    <subfield code="b">t.p. (André Rébois)</subfield>
  </datafield>
</record>